@misc{STS_CT_Cleanup,
  author       = {SaveTheSound},
  title        = {The Connecticut Cleanup},
  year         = {2024},
  howpublished = {https://www.savethesound.org/what-we-do/healthy-waters/cleanups-and-marine-debris/},
  note         = {Accessed: 2024-11-25}
}
